% Collapses near Weiser Idaho
@misc{Arcement2017, 
title={‘A lot of scared people’: Relentless snow collapses hundreds of {Idaho} roofs, devastates rural county}, 
url={https://www.washingtonpost.com/news/morning-mix}, 
journal={The Washington Post}, 
publisher={WP Company LLC}, 
author={Arcement, Katherine }, 
year={2017}, 
month={January},
note = {Accessed: 05-15-2018}
}