% For D.2 notes (stages of group developement)
@article{tuckman1965,
  title={Developmental sequence in small groups.},
  author={Tuckman, Bruce W},
  journal={Psychological bulletin},
  volume={63},
  number={6},
  pages={384},
  year={1965},
  publisher={American Psychological Association}
}

% For D.2 notes (graphic summarizing group development)
@inproceedings{cullen2015,
  title={Social team building for MBA study group cohesion},
  author={Cullen, MDM and Calitz, Andre P},
  booktitle={9th International Business Conference (IBC 2015), Victoria Falls, Zambia},
  pages={1--21},
  year={2015}
}